@unpublished{article:PSDP,
    Author         = {W. McMahon and H. Chow and R. Maldonado and J. Biel},
    Journal        = {University of Wisconsin-Madison},
    Title          = {Final Progress Report on Design of a Medical Injection Pump for use with Angiography},
    Year           = {2017}
}

@book{book:cateter,
  author    = {Robert Diggery}, 
  title     = {Catheters: Types, applications and potential complications (medical devices and equipment)},
  publisher = {Nova Science},
  year      = 2012,
  isbn      = {1621006301}
}

@misc{web:OMNIPAQUE,
  author       = {GE Healthcare}, 
  title        = {OMNIPAQUE Injection X-ray contrast medium},
  howpublished = {\url{https://www.old.health.gov.il/units/pharmacy/trufot/alonim/Rishum_2_293667716.pdf}},
  year         = 2008,
  urldate = {30-08-2017}
}

@misc{web:viscosidade,
  author       = {MacBeth}, 
  title        = {Tabela de Viscosidade Cinemática e Dinâmica},
  howpublished = {\url{http://macbeth.if.usp.br/~gusev/Viscosidade%20cinematica.pdf}},
  urldate = {30-08-2017}
}

@article {Hope3221,
	author = {Hope, Michael D. and Levin, Jonathan M. and Markl, Michael and Draney, Mary T. and Alley, Marc and Herfkens, Robert J.},
	title = {Four-Dimensional Magnetic Resonance Velocity Mapping in a Healthy Volunteer With Pseudocoarctation of the Thoracic Aorta},
	volume = {109},
	number = {25},
	pages = {3221--3222},
	year = {2004},
	doi = {10.1161/01.CIR.0000134277.42512.D5},
	publisher = {American Heart Association, Inc.},
	issn = {0009-7322},
	URL = {http://circ.ahajournals.org/content/109/25/3221},
	eprint = {http://circ.ahajournals.org/content/109/25/3221.full.pdf},
	journal = {Circulation}
}

@book{book:AcLinear,
  author    = {Neil Sclater and Nicholas Chironis}, 
  title     = {Mechanisms and Mechanical Devices Sourcebook},
  publisher = {McGraw-Hill Professional},
  year      = 2001,
  isbn      = {9780071361699,0071361693},
  edition = {3}
}

@book{book:Cassandras,
 author = {Cassandras, Christos G. and Lafortune, Stephane},
 title = {Introduction to Discrete Event Systems},
 year = {2006},
 isbn = {0387333320},
 publisher = {Springer-Verlag New York, Inc.},
 address = {Secaucus, NJ, USA},
}

@book{angiografia,
   title =     {Magnetic Resonance Angiography Techniques, Indications and Practical Applications},
   author =    {Rüdiger von Kummer, Tobias Back, K. Sartor},
   publisher = {Springer},
   isbn =      {3-540-00861-6,978-3-540-00861-3},
   year =      {2005},
   series =    {Medical Radiology / Diagnostic Imaging},
   edition =   {1},
   volume =    {}
  }

@misc{web:encoder,
  author       = {Rockwell Automation}, 
  title        = {Installation Instructions - 847T 2 in. Diameter Solid Shaft Incremental Encoders},
  howpublished = {\url{http://literature.rockwellautomation.com/idc/groups/literature/documents/in/847t-in001_-en-p.pdf}},
  urldate = {28-09-2017}
}

@article{chirp,
author = {Eric W Weisstein},
title = {Sweep Signal},
howpublished = {\url{http://mathworld.wolfram.com/SweepSignal.html}},
 publisher = {MathWorld - Wolfram Web},
  year = {2010}
}

@report{ASHelper,
 author = {B\&R},
 title = {B\&{R} {H}elp {E}xlorer - {A}utomation {S}tudio},
 publisher = {B\&R},
 year={2017}
}

@Misc{bloodFlow,
 author = {Marianne Catanho and Mridu Sinha and Varsha Vijayan},
 title = {Model of Aortic Blood Flow Using the Windkessel Effect},
 year = {2012},
 publisher = {University of California San Diego},
 howpublished = {\url{http://isn.ucsd.edu/classes/beng221/problems/2012/BENG221_Project%20-%20Catanho%20Sinha%20Vijayan.pdf}},
}

@Misc{whiteNoise,
author = {National Instruments},
 title = {Noise Generation},
 year = {2011},
howpublished = {\url{http://zone.ni.com/reference/zhs-XX/help/371361H-0118/lvanlsconcepts/noise_generation/}},
}

@Misc{boxMullerTransform,
  Author = {Muller, Mervin E. and Box, G. E. P.},
  Title = {A Note on the Generation of Random Normal Deviates},
  Journal = {The Annals of Mathematical Statistics},
  Volume = {29},
  Number = {2},
  Year = {1958},
  Pages = {610--611},
  Keywords = {}
}

@book{window,
author = {Julius O. Smith},
 title = {Spectral Audio Signal Processing},
 year = {2016},
 isbn = {978-0-9745607-3-1},
 publisher = {Center for Computer Research in Music and Acoustics (CCRMA), Stanford University}
}


@book{Ogata:2001:MCE:516039,
 author = {Ogata, Katsuhiko},
 title = {Modern Control Engineering},
 year = {2001},
 isbn = {0130609072},
 edition = {4th},
 publisher = {Prentice Hall PTR},
 address = {Upper Saddle River, NJ, USA},
}

@book{Nise:2000:CSE:519085,
 author = {Nise, Norman S.},
 title = {Control Systems Engineering},
 year = {2000},
 isbn = {0471366013},
 edition = {3rd},
 publisher = {John Wiley \&amp; Sons, Inc.},
 address = {New York, NY, USA},
}

@book{Ogata:1994,
   title =     {Discrete-Time Control Systems},
   author =    {Ogata, Katsuhiko},
   publisher = {Pearson Education},
   isbn =      {},
   year =      {1994},
   edition =   {2nd}
}




















